@book{harris,
	address = {New York},
	edition = {8th ed},
	title = {Quantitative Chemical Analysis},
	isbn = {9781429218153},
	publisher = {W.H. Freeman and Co},
	author = {Harris, Daniel C.},
	year = {2010},
	keywords = {Chemistry, Analytic, Quantitative}
}

@article{taylor_supercritical_2010,
	title = {Supercritical {Fluid} {Chromatography}},
	volume = {82},
	issn = {0003-2700, 1520-6882},
	doi = {10.1021/ac101194x},
	language = {en},
	number = {12},
	journal = {Analytical Chemistry},
	author = {Taylor, Larry T.},
	month = jun,
	year = {2010},
	pages = {4925--4935}
}

