@book{harris,
	address = {New York},
	edition = {8th ed},
	title = {Quantitative chemical analysis},
	isbn = {9781429218153},
	publisher = {W.H. Freeman and Co},
	author = {Harris, Daniel C.},
	year = {2010},
	keywords = {Chemistry, Analytic, Quantitative}
}

@book{vitha_chromatography:_2017,
	address = {Hoboken, New Jersey},
	title = {Chromatography: Principles and Instrumentation},
	isbn = {9781119270881 9781119270898},
	shorttitle = {Chromatography},
	publisher = {Wiley},
	author = {Vitha, Mark F.},
	year = {2017},
	keywords = {Chromatographic analysis, Gas chromatography, Liquid chromatography}
}

@article{thomsen_comparing_2002,
	title = {Comparing electron ionization high-resolution and electron capture low-resolution mass spectrometric determination of polybrominated diphenyl ethers in plasma, serum and milk},
	volume = {46},
	issn = {00456535},
	language = {en},
	number = {5},
	urldate = {2018-11-13TZ},
	journal = {Chemosphere},
	author = {Thomsen, Cathrine and Småstuen Haug, Line and Leknes, Henriette and Lundanes, Elsa and Becher, Georg and Lindström, Gunilla},
	month = feb,
	year = {2002},
	pages = {641--648}
}

@article{bjorklund_mass_2003,
	title = {Mass spectrometric characteristics of decabromodiphenyl ether and the application of isotopic dilution in the electron capture negative ionization mode for the analysis of polybrominated diphenyl ethers: {MS} characteristics of decabromodiphenyl ether},
	volume = {38},
	issn = {10765174},
	shorttitle = {Mass spectrometric characteristics of decabromodiphenyl ether and the application of isotopic dilution in the electron capture negative ionization mode for the analysis of polybrominated diphenyl ethers},
	url = {http://doi.wiley.com/10.1002/jms.451},
	doi = {10.1002/jms.451},
	language = {en},
	number = {4},
	urldate = {2018-11-13TZ},
	journal = {Journal of Mass Spectrometry},
	author = {Björklund, J. and Tollbäck, P. and Östman, C.},
	month = apr,
	year = {2003},
	pages = {394--400}
}
