@book{harris_quantitative_2010,
	address = {New York},
	edition = {8th ed},
	title = {Quantitative chemical analysis},
	isbn = {9781429218153},
	publisher = {W.H. Freeman and Co},
	author = {Harris, Daniel C.},
	year = {2010},
	keywords = {Chemistry, Analytic, Quantitative}
}

@article{pah-in-soil,
	author ="Nam, Jae Jak and Sweetman, Andrew J. and Jones, Kevin C.",
	title  ="Polynuclear aromatic hydrocarbons (PAHs) in global background soils",
	journal  ="J. Environ. Monit.",
	year  ="2009",
	volume  ="11",
	issue  ="1",
	pages  ="45-48",
	publisher  ="The Royal Society of Chemistry",
	doi  ="10.1039/B813841A",
	url  ="http://dx.doi.org/10.1039/B813841A"
}

