@book{harris_quantitative_2010,
	address = {New York},
	edition = {8th ed},
	title = {Quantitative chemical analysis},
	isbn = {9781429218153},
	publisher = {W.H. Freeman and Co},
	author = {Harris, Daniel C.},
	year = {2010},
	keywords = {Chemistry, Analytic, Quantitative}
}

